<collection xmlns="http://www.loc.gov/MARC21/slim">
<record>
  <leader>00903nam0a2200205 i 450 </leader>
  <controlfield tag="001">IT\ICCU\CNCE\067768</controlfield>
  <controlfield tag="005">20110412000000.0</controlfield>
  <datafield tag="012" ind1=" " ind2=" ">
    <subfield code="a">n.us esvt itea meiu (3) 1542 (A)</subfield>
    <subfield code="2">fei</subfield>
  </datafield>
  <datafield tag="100" ind1=" " ind2=" ">
    <subfield code="a">20060907d1542        0itac0103    ba</subfield>
  </datafield>
  <datafield tag="101" ind1=" " ind2=" ">
    <subfield code="a">LAT</subfield>
  </datafield>
  <datafield tag="102" ind1=" " ind2=" ">
    <subfield code="a">IT</subfield>
  </datafield>
  <datafield tag="200" ind1="1" ind2=" ">
    <subfield code="a">Cathecuminus secundum ritum cathedralis ecclesie Vincentine. Cum multis aliis curae animarum vtilibus et necessarijs</subfield>
  </datafield>
  <datafield tag="210" ind1=" " ind2=" ">
    <subfield code="a">\Venezia!</subfield>
    <subfield code="c">stampato a petition de miser Zorzi Trombeta</subfield>
    <subfield code="e">Stampato in Venetia</subfield>
    <subfield code="g">per Paulo Danza ad instantia de misser Zorzi Trombetta: stantia in Vicenza ala scala del palazzo</subfield>
    <subfield code="h">1542 adi 6 aprile</subfield>
  </datafield>
  <datafield tag="215" ind1=" " ind2=" ">
    <subfield code="a">31, \1! c.</subfield>
    <subfield code="c">ill.</subfield>
    <subfield code="d">4ʻ</subfield>
  </datafield>
  <datafield tag="620" ind1=" " ind2=" ">
    <subfield code="a">IT</subfield>
    <subfield code="d">Venezia</subfield>
  </datafield>
  <datafield tag="710" ind1="0" ind2="2">
    <subfield code="a">Vicenza</subfield>
    <subfield code="c"> &lt;Diocesi&gt;</subfield>
    <subfield code="3">9782</subfield>
  </datafield>
  <datafield tag="712" ind1="0" ind2="0">
    <subfield code="a">Danza, Paolo</subfield>
    <subfield code="3">IT\ICCU\CNCT\000719</subfield>
    <subfield code="4">650</subfield>
  </datafield>
  <datafield tag="712" ind1="0" ind2="0">
    <subfield code="a">Trombetta, Giorgio</subfield>
    <subfield code="3">IT\ICCU\CNCT\006106</subfield>
    <subfield code="4">650</subfield>
  </datafield>
  <datafield tag="801" ind1=" " ind2="3">
    <subfield code="a">IT</subfield>
    <subfield code="b">ICCU</subfield>
    <subfield code="c">20201115</subfield>
  </datafield>
  <datafield tag="899" ind1=" " ind2=" ">
    <subfield code="a">Biblioteca civica Bertoliana. Vicenza</subfield>
    <subfield code="1">VI0096</subfield>
    <subfield code="2">VIA BE</subfield>
  </datafield>
</record>
</collection>
